@article{koike2012,
  title = {高速道路整備による地域の人口及び経済変化に関する事後分析 -固定効果モデルによるパネルデータ分析-},
  author = {小池, 淳司 and 平井, 健二 and 佐藤, 啓輔},
  year = {2012},
  journal = {土木学会論文集D3（土木計画学）},
  volume = {68},
  number = {4},
  pages = {388--399},
  doi = {10.2208/jscejipm.68.388},
  file = {/Users/sawadaryou/Zotero/storage/EPNV3VPJ/小池 et al. - 2012 - 高速道路整備による地域の人口及び経済変化に関する事後分析 -固定効果モデルによるパネルデータ分析-.pdf}
}

@misc{kokudo2024,
  title = {圏央道（首都圏中央連絡自動車道） {\textbar} 道路 {\textbar} 国土交通省　関東地方整備局},
  year = {2024},
  urldate = {2025-01-16},
  howpublished = {https://www.ktr.mlit.go.jp/road/shihon/index00000036.html},
  file = {/Users/sawadaryou/Zotero/storage/XWWK327D/index00000036.html}
}

@article{otazawa2010,
  title = {都市集積・分散ダイナミクスと確率的均衡},
  author = {織田澤, 利守 and 西山, 秀紀},
  year = {2010},
  journal = {土木計画学研究・論文集},
  volume = {27},
  pages = {121--129},
  doi = {10.2208/journalip.27.121},
  file = {/Users/sawadaryou/Zotero/storage/SFAJBQUT/織田澤 と 西山 - 2010 - 都市集積・分散ダイナミクスと確率的均衡.pdf}
}

@article{otazawa2022,
  title = {都市間高速道路網整備が地方部の都市雇用圏の地価に及ぼす因果効果の推定},
  author = {織田澤, 利守 and 足立, 理子 and 佐藤, 啓輔 and 小池, 淳司},
  year = {2022},
  journal = {土木学会論文集D3（土木計画学）},
  volume = {77},
  number = {5},
  pages = {I\_95-I\_105},
  doi = {10.2208/jscejipm.77.5_I_95},
  file = {/Users/sawadaryou/Zotero/storage/R2WSTRY7/織田澤 et al. - 2022 - 都市間高速道路網整備が地方部の都市雇用圏の地価に及ぼす因果効果の推定.pdf}
}
